
@misc{microsoft.net,
  title = {{Microsoft .NET}},
  howpublished = "\url{https://dotnet.microsoft.com/en-us/}",
  note = "[Online; Zugriff Februar 2022]"
}

@misc{wpf,
  title = {{WPF - Windows Presentation Foundation}},
  howpublished = "\url{https://docs.microsoft.com/de-de/visualstudio/designers/getting-started-with-wpf?view=vs-2022}",
  note = "[Online; Zugriff Januar 2022]"
}

@misc{csharp,
  title = {{Microsoft-Website: C\#}},
  howpublished = "\url{https://docs.microsoft.com/de-de/dotnet/csharp/tour-of-csharp/}",
  note = "[Online; Zugriff Januar 2022]"
}

@misc{tcp-verbindungsaufbau,
  title = {{TCP-Kommunikation Elektronik-Kompendium}},
  howpublished = "\url{https://www.elektronik-kompendium.de/sites/net/2009211.htm}",
  note = "[Online; Zugriff März 2022]"
}



@misc{tcp-rfc,
  title = {{TCP-Standard RFC793}},
  howpublished = "\url{https://datatracker.ietf.org/doc/html/rfc793}",
  note = "[Online; Zugriff März 2022]"
}



@misc{postgresql,
  title = {{PostgreSQL-Website}},
  howpublished = "\url{https://www.postgresql.org/}",
  note = "[Online; Zugriff Januar 2022]"
}


@misc{iso_osi,
  title = {{ISO 7498-1 Website}},
  howpublished = "\url{https://www.iso.org/standard/20269.html}",
  note = "[Online; Zugriff März 2022]"
}



@misc{osi-bild,
  title = {{Quelle des OSI-Modell-Bild}},
  howpublished = "\url{https://www.cloudflare.com/de-de/learning/ddos/glossary/open-systems-interconnection-model-osi/}",
  note = "[Online; Zugriff März 2022]"
}



@misc{dapper,
  title = {{Github von Dapper}},
  howpublished = "\url{https://github.com/DapperLib/Dapper}",
  note = "[Online; Zugriff Januar 2022]"
}

@misc{deltalogic,
  title = {{DELTA LOGIC}},
  howpublished = "\url{https://www.deltalogic.de/}",
  note = "[Online; Zugriff Juli 2022]"
}


@misc{automatisierungspyramide,
  title = {{Automatisierungspyramide}},
  howpublished = "\url{https://www.wachendorff-prozesstechnik.de/technologie/feldbus/}",
  note = "[Online; Zugriff September 2022]"
}


@BOOK{.Net-Buch,
AUTHOR = {Wolfgang Beer and Dietrich Bringruber and Hanspeter Mössenböck and Albrecht Wöß},
TITLE = {Die .NET-Technologie},
PUBLISHER = {dpunkt.verlag},
EDITION = {1},
YEAR = {2003},
TITLEADDON = {Grundlagen und Anwendungsprogrammierung},
ISBN = {3-89864-174-0}
}

@BOOK{CSharp-Buch,
AUTHOR = "Arne Schäpers and Rudolf Huttary and Dieter Bremes",
TITLE = {C\# Kompendium},
PUBLISHER = {Markt+Technik Verlag},
YEAR = {2004},
TITLEADDON = {Professionelle Programmierung mit Visual Studio .NET},
ISBN = {3-8272-6773-0}
}
